<record><leader>00000cas a2200000 a 4500</leader><controlfield tag="001">31471851</controlfield><controlfield tag="007">hd bfu---baat</controlfield><controlfield tag="007">hd afu---bact</controlfield><controlfield tag="008">941116d19031904nbuwr nea     0    0eng d</controlfield><datafield ind1=" " ind2=" " tag="010"><subfield code="a">sn 94056598 </subfield></datafield><datafield ind1=" " ind2=" " tag="040"><subfield code="a">NVG</subfield><subfield code="b">eng</subfield><subfield code="c">NVG</subfield><subfield code="d">OCL</subfield><subfield code="d">OCLCQ</subfield><subfield code="d">OCLCF</subfield><subfield code="d">OCLCO</subfield></datafield><datafield ind1="1" ind2=" " tag="029"><subfield code="a">AU@</subfield><subfield code="b">000011358043</subfield></datafield><datafield ind1=" " ind2=" " tag="042"><subfield code="a">msc</subfield></datafield><datafield ind1=" " ind2=" " tag="043"><subfield code="a">n-us-nb</subfield></datafield><datafield ind1="0" ind2=" " tag="130"><subfield code="a">Republican (Stockville, Neb.)</subfield></datafield><datafield ind1="1" ind2="4" tag="245"><subfield code="a">The Republican</subfield><subfield code="h">[microform].</subfield></datafield><datafield ind1="1" ind2="3" tag="246"><subfield code="a">Stockville Republican</subfield><subfield code="f">July 9, 1903-Dec. 1903</subfield></datafield><datafield ind1="1" ind2="3" tag="246"><subfield code="a">Frontier County Republican</subfield><subfield code="f">July 9, 1903</subfield></datafield><datafield ind1=" " ind2=" " tag="260"><subfield code="a">Stockville, Neb. :</subfield><subfield code="b">A.G. Williams,</subfield><subfield code="c">1903-1904.</subfield></datafield><datafield ind1=" " ind2=" " tag="300"><subfield code="a">2 v.</subfield></datafield><datafield ind1=" " ind2=" " tag="310"><subfield code="a">Weekly</subfield></datafield><datafield ind1="0" ind2=" " tag="362"><subfield code="a">Vol. 12, no. 1 (July 9, 1903)-v. 13, no. 21 (Nov. 24, 1904).</subfield></datafield><datafield ind1=" " ind2=" " tag="580"><subfield code="a">Merged with: Faber, to form: Republican-faber.</subfield></datafield><datafield ind1=" " ind2=" " tag="533"><subfield code="a">Microfilm.</subfield><subfield code="m">1903-1904:[Gaps]</subfield><subfield code="b">Lincoln, Neb. :</subfield><subfield code="c">Nebraska State Historical Society,</subfield><subfield code="d">1970.</subfield><subfield code="e">2 microfilm reels ; 35 mm.</subfield></datafield><datafield ind1=" " ind2="0" tag="651"><subfield code="a">Stockville (Neb.)</subfield><subfield code="v">Newspapers.</subfield></datafield><datafield ind1=" " ind2="0" tag="651"><subfield code="a">Frontier County (Neb.)</subfield><subfield code="v">Newspapers.</subfield></datafield><datafield ind1=" " ind2="7" tag="655"><subfield code="a">Newspapers.</subfield><subfield code="2">fast</subfield><subfield code="0">(OCoLC)fst01423814</subfield></datafield><datafield ind1=" " ind2="7" tag="651"><subfield code="a">Nebraska</subfield><subfield code="z">Frontier County.</subfield><subfield code="2">fast</subfield><subfield code="0">(OCoLC)fst01265378</subfield></datafield><datafield ind1=" " ind2="7" tag="651"><subfield code="a">Nebraska</subfield><subfield code="z">Stockville.</subfield><subfield code="2">fast</subfield><subfield code="0">(OCoLC)fst01275922</subfield></datafield><datafield ind1=" " ind2=" " tag="752"><subfield code="a">United States</subfield><subfield code="b">Nebraska</subfield><subfield code="c">Frontier</subfield><subfield code="d">Stockville.</subfield></datafield><datafield ind1="0" ind2="0" tag="780"><subfield code="t">Frontier County Republican</subfield><subfield code="w">(DLC)sn 94056597</subfield></datafield><datafield ind1="1" ind2="7" tag="785"><subfield code="t">Faber</subfield><subfield code="w">(DLC)sn 94056596</subfield></datafield><datafield ind1="1" ind2="7" tag="785"><subfield code="t">Republican-faber</subfield><subfield code="w">(DLC)sn 94056599</subfield></datafield></record>